@mastersthesis{pasti2013,
	Author = {André Pasti},
	School = {Unicamp},
	Title = {Notícias, informação e território: as agências transnacionais de notícias e a circulação de informações no território brasileiro},
	Type = {Disserta{\c c}{\~a}o de Mestrado},
	Year = {2013}}

@mastersthesis{marques,
	Author = {Paulo Passini Marques},
	School = {Universidade de São Paulo},
	Title = {Técnica, modernização e produção do espaço: um estudo sobre o papel da estrada de ferro nas transformações sócio-espaciais da Zona Alta Sorocabana},
	Type = {Disserta{\c c}{\~a}o de Mestrado},
	Year = {2009}}

@article{boaventura2005,
	Author = {Boaventura de Sousa Santos},
	Title = {Os tribunais e as novas tecnologias de comunicação e de informação},
	Url = {http://www.boaventuradesousasantos.pt/media},
	Urlaccessdate = {08 jun. 2014},
	Pages = {82-109},
	Year = {2005}}
	
@article{bolano2000,
	Author = {Cesar Bolano},
	Address = {São Paulo},
	Title = {Indústria cultural, informação e capitalismo},
	Publisher = {Hucitec/Polis},
	Pages = {25-69},
	Year = {2000}}
	
@article{dantas2003,
	Author = {Marcos Dantas},
	Title = {Informação e trabalho no capitalismo contemporâneo},
	Publisher = {Lua Nova},
	Number = {6},
	Year = {2003}}

@article{maia,
	Address = {Goiás},
	Author = {Lucas Maia},
	Title = {O CONCEITO DE MEIO TéCNICO-CIENTíFICO-INFORMACIONAL EM MILTON SANTOS E A NãO-VISãO DA LUTA DE CLASSES},
	Publisher = {Boletim Goiano de Geografia},
	Url = {http://www.revistas.ufg.br/index.php/atelie/article/view/15642},
	Urlaccessdate = {15 jun. 2014},
	Year = {2012}}

@incollection{ribeiro1991,
	Address = {Rio de Janeiro},
	Author = {Ana Clara de Torres Ribeiro},
	Booktitle = {Brasil. Território da desigualdade},
	Editor = {PIQUET, R and RIBEIRO, A.C.T},
	Publisher = {Zahar},
	Title = {O retorno do território},
	Year = {1991}

@incollection{santos1996b,
	Address = {São Paulo},
	Author = {Milton Santos},
	Booktitle = {Território: globalização e fragmentação},
	Editor = {SANTOS, Milton and SOUZA, Maria Adélia A. and SILVEIRA, Maria Laura},
	Pages = {15-20},
	Publisher = {HUCITEC},
	Title = {O retorno do território},
	Year = {1996b}}

@article{correa,
	Address = {Rio de Janeiro},
	Author = {R. L. Correa},
	Title = {Redes geográficas e teoria dos grafos.},
	Journal = {Textos LAGET, Série Pesquisa e Ensino},
	Number = {1},
	Volume = {1},
	Year = {1999}}

@incollection{dias, 
	Address = {Rio de Janeiro},
	Author = {L. C Dias},
	Booktitle = {Geografia: conceitos e temas},
	Editor = {I. E de Castro et all},
	Pages = {15-20},
	Publisher = {Bertrand Brasil},
	Title = { Redes: emergência e organização},
	Year = {1995}}
	
@incollection{cohn2001, 
	Address = {Petrópolis - RJ},
	Author = {Gabriel Cohn},
	Booktitle = {Desafios da comunicação},
	Editor = {Dowbor, L. et al (orgs)},
	Pages = {20-27},
	Publisher = {Vozes},
	Title = {A forma da sociedade da informação},
	Year = {2001}}

@article{levy1998,
	Address = {Porto Alegre},
	Author = {Pierre Levy},
	Title = {A revolução contemporânea em matéria de comunicação},
	Journal = {Revista FAMECOS},
	Number = {9},
	Pages = {37-49},
	Year = {1998}}

@book{levy1999,
	Address = {Rio de Janeiro},
	Author = {{LEVY}, Pierre},
	Title = {Cibercultura},
	Year = {1999}}

@book{santos1996,
	Address = {São Paulo},
	Author = {Milton Santos},
	Title = {A Natureza do Espaço: Técnica e Tempo, Razão e Emoção},
	Publisher = {HUCITEC},
	Year = {1996a}}

@book{santos1998,
	Address = {São Paulo},
	Author = {Milton Santos},
	Title = {Técnica, espaço, tempo: globalização e meio técnico-científico-informacional.},
	Publisher = {HUCITEC},
	Year = {1998}}

@book{santos2001,
	Address = {Rio de Janeiro},
	Author = {Milton Santos},
	Title = {Por uma outra globalização: do pensamento único à consciência universal.},
	Publisher = {Record},
	Year = {2001}}

@article{santos1999,
	Address = {Rio de Janeiro},
	Author = {Milton Santos},
	Title = {O território e o saber local: algumas categorias de análise},
	Journal = {Cadernos IPPUR},
	Number = {2},
	Year = {1999}}
	

@book{raffestin1993,
	Address = {São Paulo},
	Author = {Claude Raffestin},
	Title = {Por uma geografia do poder},
	Publisher = {Ática},
	Year = {1993}}
	
@book{mattelart2006,
	Address = {São Paulo},
	Author = {Armand Mattelart},
	Title = {História da sociedade da informação},
	Publisher = {Loyola},
	Year = {2006}}

@book{castells1999,
	Address = {São Paulo},
	Author = {Manuel Castells},
	Title = {A sociedade em rede},
	Publisher = {Paz e Terra},
	Year = {1999}}

@book{castells2013,
	Address = {São Paulo},
	Author = {Manuel Castells},
	Title = {Redes de indignação e esperança: Movimentos sociais na era da internet},
	Publisher = {Zahar},
	Year = {2013}}

