@article{almeida,
	Author = {Alfredo Wagner Berno Almeida},
	Title = {Territórios e territorialidades específicas na Amazônia: entre a ``proteção'' e o ``protecionismo''},
	Url = {http://www.scielo.br/scielo.php?pid=S0103-49792012000100005script=sci_arttext},
	Urlaccessdate = {11 set. 2013},
	Year = {2012}}
	
@article{brministerioAgricultura2013,
	Address = {Brasília},
	Author = {BRASIL},
	Title = {Projeções de longo prazo para o Agronegócio. Brasil 2012/2013 - 2022/2023},
	Publisher = {Ministério da Agricultura, Pecuária e Abastecimento},
	url = {http://www.agricultura.gov.br/arq_editor/projecoesversaoatualizada.pdf},
	Urlaccessdate = {11 mar. 2014},
	Year = {2013}}

@article{isnard,
	Address = {Coimbra},
	Author = {Hildebert Isnard},
	Title = {O Espaço Geográfico},
	Publisher = {Almedina},
	Year = {1982}}

@article{mondardo,
	Address = {Goiás},
	Author = {{MONDARDO}, M. L.},
	Title = {Meandros na produção do espaço urbano: mobilidade, acessibilidade e exclusão social. },
	Publisher = {Boletim Goiano de Geografia},
	Pages = {57-72},
	Year = {2009}}
	
@article{studte2008,
	Address = {São Paulo},
	Author = {Martin Studte},
	Title = {A expansão da fronteira agrícola e a agricultura familiar no cerrado maranhense },
	Url = {www.forumcarajas.org.br/download/pesquisa_cerrado_final_total.pdf},
	Urlaccessdate = {11 fev. 2014},
	Year = {2008}}
	
@mastersthesis{marques,
	Author = {Paulo Passini Marques},
	School = {Universidade de São Paulo},
	Title = { Técnica, modernização e produção do espaço: um estudo sobre o papel da estrada de ferro nas transformações sócio-espaciais da Zona Alta Sorocabana},
	Type = {Disserta{\c c}{\~a}o de Mestrado},
	Year = {2009}}

@article{maia,
	Address = {Goiás},
	Author = {Lucas Maia},
	Title = {O CONCEITO DE MEIO TéCNICO-CIENTíFICO-INFORMACIONAL EM MILTON SANTOS E A NãO-VISãO DA LUTA DE CLASSES},
	Publisher = {Boletim Goiano de Geografia},
	Url = {http://www.revistas.ufg.br/index.php/atelie/article/view/15642},
	Urlaccessdate = {15 set. 2013},
	Year = {2012}}

@inbook{santos1996b,
	Address = {São Paulo},
	Author = {Milton Santos},
	Booktitle = {Território: globalização e fragmentação},
	Editor = {SANTOS, Milton and SOUZA, Maria Adélia A. and SILVEIRA, Maria Laura},
	Pages = {15-20},
	Publisher = {HUCITEC},
	Title = {O retorno do território},
	Year = {1996b}}

@article{correa,
	Address = {Rio de Janeiro},
	Author = {R. L. Correa},
	Title = {Redes geográficas e teoria dos grafos.},
	Journal = {Textos LAGET, Série Pesquisa e Ensino},
	Number = {1},
	Volume = {1},
	Year = {1999}}

@inbook{dias, 
	Address = {Rio de Janeiro},
	Author = {L. C Dias},
	Booktitle = {Geografia: conceitos e temas},
	Editor = {I. E de Castro et al},
	Pages = {15-20},
	Publisher = {Bertrand Brasil},
	Title = { Redes: emergência e organização},
	Year = {1995}}

@book{levy,
	Address = {Rio de Janeiro},
	Author = {{LEVY}, Pierre},
	Title = {Cibercultura},
	Year = {1999}}

@book{santos1996,
	Address = {São Paulo},
	Author = {Milton Santos},
	Title = {A Natureza do Espaço: Técnica e Tempo, Razão e Emoção},
	Publisher = {HUCITEC},
	Year = {1996a}}

@book{santos1998,
	Address = {São Paulo},
	Author = {Milton Santos},
	Title = {Técnica, espaço, tempo: globalização e meio técnico-científico-informacional.},
	Publisher = {HUCITEC},
	Year = {1998}}

@article{santos1999,
	Address = {Rio de Janeiro},
	Author = {Milton Santos},
	Title = {O território e o saber local: algumas categorias de análise},
	Journal = {Cadernos IPPUR},
	Number = {2},
	Year = {1999}}

@book{raffestin1993,
	Address = {São Paulo},
	Author = {Claude Raffestin},
	Title = {Por uma geografia do poder},
	Publisher = {Ática},
	Year = {1993}}
	
@book{mattelart2006,
	Address = {São Paulo},
	Author = {Armand Mattelart},
	Title = {História da sociedade da informação},
	Publisher = {Loyola},
	Year = {2006}}

@article{rodrigues_alencar,
	Address = {Niterói},
	Author = {S. J. D. Rodrigues and F. A. G. Alencar},
	Title = {Conflitos Territoriais no Espaço Agrário Maranhense: expansão da soja e conflitos de terra no sul do Maranhão.},
	Journal = {Anais (Simpósio Nacional de Geografia Agrária},
	Url = {http://www.uff.br/vsinga/trabalhos/Trabalhos0Completos/SE1vio20JosE920Dias20Rodrigues.pdf},
	Urlaccessdate = {15 set. 2013},
	Year = {2009}}

@article{lima_locatel_silva,
	Author = {F. L. S. de Lima and C. D. Locatel and C. C. L da Silva},
	Title = {Modernização seletiva da agricultura: o avanço do agronegócio da soja no sul do Maranhão},
	Year = {2012}}


@book{castells1999,
	Address = {São Paulo},
	Author = {Manuel Castells},
	Title = {A sociedade em rede},
	Publisher = {Paz e Terra},
	Year = {1999}}

@book{castells2013,
	Address = {São Paulo},
	Author = {Manuel Castells},
	Title = {Redes de indignação e esperança: Movimentos sociais na era da internet},
	Publisher = {Zahar},
	Year = {2013}}

@book{absaber,
	Address = {São Paulo},
	Author = {{AB'SABER}, Aziz Nacib},
	Title = {Os domínios de natureza no Brasil: Potencialidades paisagísticas},
	Publisher = {Ateliê Editorial},
	Year = {2003}}

@book{becker,
	Address = {Rio de Janeiro},
	Author = {{BECKER}, Bertha},
	Title = {Geopolítica da Amazônia: A nova fronteira de recursos},
	Publisher = {Zahar},
	Year = {1982}}

@book{haesbaert,
	Address = {Rio de Janeiro},
	Author = {{HAESBAERT}, Rogério},
	Title = {O mito da Desterritorialização: ''do fim dos territórios'' à multiterritorialidade},
	Publisher = {Bertrand Brasil},
	Year = {2004}}

@article{goncalves,
	Address = {Goiânia},
	Author = {{GONÇALVES}, Carlos W.P. (org)},
	Title = {Os cerrados vistos por seus povos: o agroextrativismo no cerrado},
	Journal = {CDAC/PRAC},
	Year = {2008}}

